<record><leader>00000cas a22000007a 4500</leader><controlfield tag="001">19074678</controlfield><controlfield tag="008">890127d19411947mduwr ne      0    0eng d</controlfield><datafield ind1=" " ind2=" " tag="010"><subfield code="a">sn 89060032 </subfield></datafield><datafield ind1=" " ind2=" " tag="040"><subfield code="a">MFN</subfield><subfield code="b">eng</subfield><subfield code="c">MFN</subfield><subfield code="d">OCLCQ</subfield></datafield><datafield ind1=" " ind2=" " tag="042"><subfield code="a">msc</subfield></datafield><datafield ind1="0" ind2=" " tag="130"><subfield code="a">Salisbury advertiser (Salisbury, Md. : 1941)</subfield></datafield><datafield ind1="1" ind2="0" tag="245"><subfield code="a">Salisbury advertiser.</subfield></datafield><datafield ind1=" " ind2=" " tag="260"><subfield code="a">Salisbury, Md. :</subfield><subfield code="b">Wicomico Pub. Co.,</subfield><subfield code="c">1941-1947.</subfield></datafield><datafield ind1=" " ind2=" " tag="300"><subfield code="a">v.</subfield></datafield><datafield ind1=" " ind2=" " tag="310"><subfield code="a">Weekly</subfield></datafield><datafield ind1="0" ind2=" " tag="362"><subfield code="a">Vol. 74, no. 34 (Aug. 21, 1941)-v. 80, no. 32 (Aug. 7, 1947).</subfield></datafield><datafield ind1=" " ind2=" " tag="752"><subfield code="a">United States</subfield><subfield code="b">Maryland</subfield><subfield code="c">Wicomico</subfield><subfield code="d">Salisbury.</subfield></datafield><datafield ind1="0" ind2="0" tag="780"><subfield code="t">Salisbury advertiser and the Wicomico countian (Salisbury, Md. : 1923)</subfield><subfield code="w">(DLC)sn 83016227</subfield></datafield><datafield ind1="0" ind2="0" tag="785"><subfield code="t">Salisbury advertiser and the Wicomico countian (Salisbury, Md. : 1947)</subfield><subfield code="w">(DLC)sn 89060033</subfield></datafield></record>